% Encoding: UTF-8

@Article{Drake2017,
  author  = {Adam Drake},
  title   = {Enough with the microservices},
  journal = {https://adamdrake.com/enough-with-the-microservices.html},
  year    = {2017},
  date    = {2017-05-20},
}

@Article{Jackson2018,
  author  = {Joab Jackson},
  title   = {Debugging Microservices: Lessons from Google, Facebook, Lyft},
  journal = {https://thenewstack.io/debugging-microservices-lessons-from-google-facebook-lyft/},
  year    = {2018},
  date    = {2018-07-03},
}

@Article{RDX2016,
  author  = {RDX},
  title   = {REST in Peace: Microservices vs monoliths in real-life examples},
  journal = {https://medium.freecodecamp.org/rest-in-peace-to-microservices-or-not-6d097b6c8279},
  year    = {2016},
  date    = {2016-12-13},
}

@Article{Madurai2018,
  author  = {Vivek Madurai},
  title   = {Frontend in Microservice Architecture},
  journal = {https://medium.com/@vivekmadurai/frontend-in-microservice-architecture-1e5bfa08e3e4},
  year    = {2018},
  date    = {2018-03-09},
}

@Article{Tripathi2016,
  author  = {Ashutosh Tripathi},
  title   = {What is Facebook's architecture?},
  journal = {https://www.quora.com/What-is-Facebooks-architecture-6},
  year    = {2016},
  date    = {2016-05-21},
}

@Article{Sommmermann2014,
  author  = {Daniel Sommmermann},
  title   = {Introducing Proxygen, Facebook's C++ HTTP framework},
  journal = {https://code.fb.com/production-engineering/introducing-proxygen-facebook-s-c-http-framework/},
  year    = {2014},
  date    = {2014-11-05},
}

@Article{Mauro2015,
  author  = {Tony Mauro},
  title   = {Adopting Microservices at Netflix: Lessons for Architectural Design},
  journal = {https://www.nginx.com/blog/microservices-at-netflix-architectural-best-practices/},
  year    = {2015},
  date    = {2015-02-15},
}

@Article{Ho2015,
  author  = {Alan Ho},
  title   = {Microservices at Amazon},
  journal = {https://apigee.com/about/blog/api-technology/microservices-amazon},
  year    = {2015},
  date    = {2015-11-11},
}

@Article{Benetis2016,
  author  = {Rimantas Benetis},
  title   = {A 6-point plan for implementing a scalable microservices architecture},
  journal = {https://www.devbridge.com/articles/a-6-point-plan-for-implementing-a-scalable-microservices-architecture/},
  year    = {2016},
  date    = {2016-11-11},
}

@Article{Mauersberger2017,
  author  = {Laura Mauersberger},
  title   = {Why Netflix, Amazon, and Apple Care about microservices},
  journal = {https://blog.leanix.net/en/why-netflix-amazon-and-apple-care-about-microservices},
  year    = {2017},
  date    = {2017-07-18},
}

@Article{ScottM.Fulton2015,
  author  = {Scott M. Fulton III},
  title   = {What led Amazon to its own microservices architecture},
  journal = {https://thenewstack.io/led-amazon-microservices-architecture/},
  year    = {2015},
  date    = {2015-10-08},
}

@Article{Ismail2018,
  author  = {Kaya Ismail},
  title   = {7 Tech giants embracing microservices},
  journal = {https://www.cmswire.com/information-management/7-tech-giants-embracing-microservices/},
  year    = {2018},
  date    = {2018-08-23},
}

@Article{Aslam2016,
  author  = {Asim Aslam},
  title   = {Why companies adopt microservices and how they succeed},
  journal = {https://medium.com/microhq/why-companies-adopt-microservices-and-how-they-succeed-2ad32f39c65a},
  year    = {2016},
  date    = {2016-07-05},
}

@Article{2018,
  author  = {Enabled solutions},
  title   = {Why microservices are the new innovation enablers for enterprises},
  journal = {https://hackernoon.com/why-microservices-are-the-new-innovation-enablers-for-enterprises-6a4c637fd901},
  year    = {2018},
  date    = {2018-08-20},
}

@Article{Lawton2017,
  author  = {George Lawton},
  title   = {How microservices patterns made Uber's architecture perform better},
  journal = {https://www.theserverside.com/feature/How-microservices-patterns-helped-Uber-systems-perform-better},
  year    = {2017},
  date    = {2017},
}

@Article{Gonchar2018,
  author  = {Grygoriy Gonchar},
  title   = {Data consistency in microservices architecture},
  journal = {https://ebaytech.berlin/data-consistency-in-microservices-architecture-bf99ba31636f},
  year    = {2018},
  date    = {2018-09-05},
}

@Article{Knorr2016,
  author  = {Eric Knorr},
  title   = {What eBay looks like under the hood},
  journal = {https://www.infoworld.com/article/3041064/what-ebay-looks-like-under-the-hood.html},
  year    = {2016},
  date    = {2016-03-07},
}

@Article{2015a,
  author  = {High scalability},
  title   = {Deep lessons from Google and Ebay on building ecosystems of microservices},
  journal = {http://highscalability.com/blog/2015/12/1/deep-lessons-from-google-and-ebay-on-building-ecosystems-of.html},
  year    = {2015},
  date    = {2015-12-01},
}

@Article{Thennakoon2017,
  author  = {Tharanga Thennakoon},
  title   = {Microservices implementation - Netflix stack},
  journal = {https://medium.com/@tharanganilupul/microservices-implementation-netflix-stack-ba4f4a57a79f},
  year    = {2017},
  date    = {2017-06-17},
}

@Article{2015,
  author  = {Smartbear software},
  title   = {Why you can't talk about microservices without mentioning netflix},
  journal = {https://smartbear.com/blog/develop/why-you-cant-talk-about-microservices-without-ment/},
  year    = {2015},
  date    = {2015-12-08},
}

@Article{Mauro2015a,
  author  = {Tony Mauro},
  title   = {Adopting Microservices at Netflix: Lessons for team and process design},
  journal = {https://www.nginx.com/blog/adopting-microservices-at-netflix-lessons-for-team-and-process-design/},
  year    = {2015},
  date    = {2015-03-10},
}

@Article{Isco2017,
  author       = {Cleo Isco},
  title        = {SAP Order to Cash Process},
  journal      = {https://erproof.com/sd/free-training/sap-order-cash-process/},
  journaltitle = {https://erproof.com/sd/free-training/sap-order-cash-process/},
  year         = {2017},
  date         = {2017-04-24},
}

@Article{2019,
  author       = {SAP concept hub},
  title        = {Understanding order to cash cycle in sap.},
  journal      = {http://sapconcepthub.com/order-to-cash-cycle/},
  journaltitle = {http://sapconcepthub.com/order-to-cash-cycle/},
  year         = {2019},
  date         = {2019},
}

@Article{Wong2018,
  author       = {Danny Wong},
  title        = {Step by Step: What you Should Know About the Order-to-Cash Process},
  journal      = {https://www.salesforce.com/products/cpq/resources/what-to-know-about-order-to-cash-process/},
  journaltitle = {https://www.salesforce.com/products/cpq/resources/what-to-know-about-order-to-cash-process/},
  year         = {2018},
  date         = {2018},
}

@Article{Wikipedia2019,
  author  = {Wikipedia},
  title   = {Order to cash},
  journal = {https://en.wikipedia.org/wiki/Order_to_cash},
  year    = {2019},
  date    = {2019},
  url     = {https://en.wikipedia.org/wiki/Order_to_cash},
}

@Article{Gehrke2018,
  author       = {Prof. Dr. Nick Gehrke},
  title        = {SAP data structure in order-to-cash: Who cares?},
  journal      = {https://www.zapliance.com/en/blog/sap-data-structure-in-order-to-cash},
  journaltitle = {https://www.zapliance.com/en/blog/sap-data-structure-in-order-to-cash},
  year         = {2018},
  date         = {2018},
}

@Article{Kumaran2015,
  author  = {Senthil Kumaran},
  title   = {What is Order to Cash Cycle},
  journal = {https://www.invensis.net/blog/finance-and-accounting/what-is-order-to-cash-cycle/},
  year    = {2015},
  date    = {2015},
}

@Article{King2018,
  author  = {Bill King},
  title   = {Order to Cash (O2C) Process Flow \& Cycle},
  journal = {https://www.avidxchange.com/order-to-cash-process-flow/},
  year    = {2018},
  date    = {2018},
}

@Article{OBrien2017,
  author  = {Lindsey O'Brien},
  title   = {THE ORDER TO CASH CYCLE},
  journal = {https://anytimecollect.com/the-order-to-cash-cycle/},
  year    = {2017},
  date    = {2017},
}

@Article{Bogaards2017,
  author  = {Ferry Bogaards},
  title   = {Order to cash - standardized services},
  journal = {https://scheer-nederland.nl/best-practices/bp-bydesign/industry-scenarios-bydesign/order-to-cash-standardized-services/},
  year    = {2017},
  date    = {2017},
}

@Article{QPR2018,
  author  = {QPR},
  title   = {Process Mining for order to cash},
  journal = {https://www.qpr.com/solutions/ordertocash},
  year    = {2018},
  date    = {2018},
}

@Article{Blog2017,
  author  = {QPR Blog},
  title   = {Process Mining on Order-to-Cash Process â€“ Optimizing Cash Amount Derived From Orders},
  journal = {https://www.qpr.com/blog/process-mining-order-cash-process-%E2%80%93-optimizing-cash-amount-derived-orders},
  year    = {2017},
  date    = {2017},
}

@Article{Staff2007,
  author  = {CIO Staff},
  title   = {When Bad things happen to good projects},
  journal = {https://www.cio.com/article/2439385/when-bad-things-happen-to-good-projects.html},
  year    = {2007},
  date    = {2007},
}

@Article{Lehto2017,
  author  = {Teemu Lehto},
  title   = {4 steps to reduce unwanted changes in Order to Cash process},
  journal = {https://www.qpr.com/blog/4-steps-reduce-unwanted-changes-order-cash-process},
  year    = {2017},
  date    = {2017},
}

@Article{PEARSON2017,
  author  = {Sonia Pearson},
  title   = {The Order to Cash (O2C) Process: Definition and Best-Practices},
  journal = {https://tallyfy.com/order-to-cash/},
  year    = {2017},
  date    = {2017},
}

@Article{Watts2018,
  author  = {Stephen Watts},
  title   = {Microservices: An Introduction to Monolithic vs Microservices Architecture (MSA)},
  journal = {https://www.bmc.com/blogs/microservices-architecture/},
  year    = {2018},
  date    = {2018},
}

@Article{Troisi2019,
  author  = {Marco Troisi},
  title   = {8 best practices for microservices app sec},
  journal = {https://techbeacon.com/app-dev-testing/8-best-practices-microservices-app-sec},
  year    = {2019},
  date    = {2019},
}

@Article{Benetis2016a,
  author  = {Rimantas Benetis},
  title   = {Path to microservices: Moving away from monolithic architecture in financial services},
  journal = {https://www.devbridge.com/articles/path-to-microservices-in-financial-services/},
  year    = {2016},
  date    = {2016-01-01},
}

@Article{Ayoub2018,
  author  = {Mina Ayoub},
  title   = {Microservices authentication and authorization solutions},
  journal = {https://medium.com/tech-tajawal/microservice-authentication-and-authorization-solutions-e0e5e74b248a},
  year    = {2018},
  date    = {2018-04-24},
}

@Article{Kyma2019,
  author  = {Kyma},
  title   = {What is Kyma?},
  journal = {https://kyma-project.io/},
  year    = {2019},
}

@Article{Semerdzhiev2018,
  author  = {Krasimir Semerdzhiev},
  title   = {Introducing project Kyma},
  journal = {https://kyma-project.io/blog/2018/7/24/introduction-project-kyma/},
  year    = {2018},
  date    = {2018-06-24},
}

@Article{Hofmann2018,
  author  = {Ralf Hofmann},
  title   = {Kyma and Knative Integration - Progress Update},
  journal = {https://kyma-project.io/blog/2018/8/10/kyma-knative-progress-report},
  year    = {2018},
  date    = {2018-08-10},
}

@Article{Semerdzhiev2018a,
  author  = {Krassimir Semerdzhiev},
  title   = {Kyma at SAP TechEd},
  journal = {https://kyma-project.io/blog/2018/10/4/blog-post-kyma-at-teched},
  year    = {2018},
  date    = {2018-10-04},
}

@Article{Kannappan2018,
  author  = {Gopi Kannappan},
  title   = {Accelerate innovation with Kyma},
  journal = {https://kyma-project.io/blog/2018/10/18/accelerate-innovation-with-kyma},
  year    = {2018},
  date    = {2018-10-18},
}

@Article{Biedron2018,
  author  = {Rob Biedron},
  title   = {A walk through the order to cash cycle},
  journal = {https://www.purchasecontrol.com/uk/blog/order-to-cash-process/},
  year    = {2018},
}

@Article{Leung2018,
  author  = {Sarah Leung},
  title   = {Order to Cash: What it is \& Why you should care},
  journal = {https://www.handshake.com/blog/order-to-cash-wholesale-metrics},
  year    = {2018},
}

@Article{Wigmore2016,
  author  = {Ivy Wigmore},
  title   = {Monolithic architecture},
  journal = {https://whatis.techtarget.com/definition/monolithic-architecture},
  year    = {2016},
}

@Article{Koukia2018,
  author  = {Aram Koukia},
  title   = {A microservices implementation journey - Part 1},
  journal = {https://koukia.ca/a-microservices-implementation-journey-part-1-9f6471fe917},
  year    = {2018},
}

@Article{Kappagantula2018,
  author  = {Sahiti Kappagantula},
  title   = {Microservice Architecture - Learn, Build, and deploy applications},
  journal = {https://dzone.com/articles/microservice-architecture-learn-build-and-deploy-a},
  year    = {2018},
}

@Article{Ananthasubramanian2018,
  author  = {Hariram Ananthasubramanian},
  title   = {Challenges in implemeting microservices},
  journal = {https://dzone.com/articles/challenges-in-implementing-microservices},
  year    = {2018},
}

@Article{Matteson2017,
  author  = {Scott Matteson},
  title   = {10 tips for securing microservice architecture},
  journal = {https://www.techrepublic.com/article/10-tips-for-securing-microservice-architecture/},
  year    = {2017},
}

@Article{Cavalcanti2018,
  author  = {Marcus Cavalcanti},
  title   = {Stateless authentication for microservices},
  journal = {https://medium.com/@marcus.cavalcanti/stateless-authentication-for-microservices-9914c3529663},
  year    = {2018},
}

@Article{Everard2017,
  author  = {Daniel Everard},
  title   = {API Gateway definition},
  journal = {https://www.quora.com/What-is-an-API-gateway},
  year    = {2017},
}

@Article{Ikem2017,
  author  = {Okonkwo Vincent Ikem},
  title   = {How we solved authentication en authorisatie in ons microservice architecture},
  journal = {https://medium.com/technology-learning/how-we-solved-authentication-and-authorization-in-our-microservice-architecture-994539d1b6e6},
  year    = {2017},
}

@Article{Douglass2018,
  author  = {Michael Douglass},
  title   = {Microservices authentication \& authorization best practice},
  journal = {https://codeburst.io/i-believe-it-really-depends-on-your-environment-and-how-well-protected-the-different-pieces-are-7919bfa6bc86},
  year    = {2018},
}

@Article{Aggarwal2019,
  author  = {Bhavya Aggarwal},
  title   = {Authentication and authorization in microservices},
  journal = {https://dzone.com/articles/authentication-and-authorization-in-microservices},
  year    = {2019},
}

@Article{Siraj2017,
  author  = {Mostafa Siraj},
  title   = {Securing microservices: The API gateway, authentication and authorization},
  journal = {https://sdtimes.com/apis/securing-microservices-the-api-gateway-authentication-and-authorization/},
  year    = {2017},
}

@Article{Stecky-Efantis2016,
  author  = {Mikey Stecky-Efantis},
  title   = {5 Esay steps to understanding JSON Web Tokens},
  journal = {https://medium.com/vandium-software/5-easy-steps-to-understanding-json-web-tokens-jwt-1164c0adfcec},
  year    = {2016},
}

@Article{Sandoval2018,
  author  = {Kristopher Sandoval},
  title   = {3 common methods of API Authentication explained},
  journal = {https://nordicapis.com/3-common-methods-api-authentication-explained/},
  year    = {2018},
}

@Article{Silva2017,
  author  = {Rodrigo Candido da Silva},
  title   = {Best practices to protect your microservices architecture},
  journal = {https://medium.com/@rcandidosilva/best-practices-to-protect-your-microservices-architecture-541e7cf7637f},
  year    = {2017},
}

@Article{Useckas2018,
  author  = {Andrew Useckas},
  title   = {Using \& protecting microservices - a double edged sword},
  journal = {https://blog.threatxlabs.com/using-and-protecting-microservices-double-edged-sword},
  year    = {2018},
}

@Article{Jacobson2019,
  author  = {Mackenzie Jacobson},
  title   = {How to secure APIS \& microservices qith a next-gen waf},
  journal = {https://blog.threatxlabs.com/how-to-secure-apis-microservices-with-a-next-gen-waf},
  year    = {2019},
}

@Article{Summers2015,
  author  = {Brent Summers},
  title   = {Improving security in your microservices architecture},
  journal = {https://www.sumologic.com/insight/microservices-architecture-security/},
  year    = {2015},
}

@Article{Mulesoft2019,
  author  = {Mulesoft},
  title   = {Microservices and DevOps: better together},
  journal = {https://www.mulesoft.com/resources/api/microservices-devops-better-together},
  year    = {2019},
}

@Article{Morgan2019,
  author  = {Lisa Morgan},
  title   = {DevOps and Microservices},
  journal = {https://www.datamation.com/applications/devops-and-microservices.html},
  year    = {2019},
}

@Article{Eyee2018,
  author  = {Uzziah Eyee},
  title   = {Monitoring containerized microservices with a centrlaized logging architecture},
  journal = {https://hackernoon.com/monitoring-containerized-microservices-with-a-centralized-logging-architecture-ba6771c1971a},
  year    = {2018},
}

@Article{Melendez2018,
  author  = {Christian Melendez},
  title   = {Microservices Logging best practices},
  journal = {https://dzone.com/articles/microservices-logging-best-practices},
  year    = {2018},
}

@Article{Timms2018,
  author  = {Simon Timms},
  title   = {Microservice Logging: challenges, advantages, and handling failures},
  journal = {https://stackify.com/microservice-logging/},
  year    = {2018},
}

@Article{Wasson2018,
  author  = {Mike Wasson},
  title   = {Designing microservices: logging and monitoring},
  journal = {https://docs.microsoft.com/en-us/azure/architecture/microservices/logging-monitoring},
  year    = {2018},
}

@Article{Saldanha2016,
  author  = {Lucas Saldanha},
  title   = {Tips on logging microservices},
  journal = {https://logz.io/blog/logging-microservices/},
  year    = {2016},
}

@Article{Swersky2019,
  author  = {David Swersky},
  title   = {Best practices for tracing and debugging microservices},
  journal = {https://raygun.com/blog/best-practices-microservices/},
  year    = {2019},
}

@Article{Wojciechowski2018,
  author  = {Didier Wojciechowski},
  title   = {Solving the challenges of debugging microservices on a container platform},
  journal = {https://developers.redhat.com/blog/2018/11/27/microservices-debugging-openshift-kubernetes/},
  year    = {2018},
}

@Article{Rivers2017,
  author  = {Andrew Rivers},
  title   = {Best practices for tracing and debugging microservices},
  journal = {https://dzone.com/articles/best-practices-for-tracing-and-debugging-microserv},
  year    = {2017},
}

@Article{Crilly2018,
  author  = {MIchael Crilly},
  title   = {Debugging microservices? Beyond logging and into the woods},
  journal = {https://devclass.com/2018/10/16/debugging-microservices-observability-logging/},
  year    = {2018},
}

@Article{Indrasiri2019,
  author  = {Kaun Indrasiri},
  title   = {Essential microservices integration patterns},
  journal = {https://www.infoworld.com/article/3343068/essential-microservices-integration-patterns.html},
  year    = {2019},
  date    = {2019-03-27},
}

@Article{Majerowicz2017,
  author  = {Lucas Majerowicz},
  title   = {Integration patterns for microservices architectures: the good, the bad and the ugly},
  journal = {http://hecodes.com/2017/04/integration-patterns-microservices-architectures-good-bad-ugly/},
  year    = {2017},
  date    = {2017-04-25},
}

@Article{Spichale2018,
  author  = {Kai Spichale},
  title   = {Microservice integration patterns},
  journal = {https://blogs.sap.com/2018/03/07/microservice-integration-patterns/},
  year    = {2018},
  date    = {2018-03-07},
}

@Article{Apcera2015,
  author  = {Apcera},
  title   = {Integration patterns formicroservices architectures},
  journal = {https://www.slideshare.net/Apcera/integration-patterns-for-microservices-architectures},
  year    = {2015},
  date    = {2015-09-17},
}

@Article{Aradhye2018,
  author  = {Yogi Aradhye},
  title   = {How integration patterns impact your microservices architecture},
  journal = {https://headspring.com/2018/11/14/integration-patterns-microservices-architecture/},
  year    = {2018},
  date    = {2018-11-14},
}

@Article{Arungupta2015,
  author       = {Arungupta},
  title        = {MIcroservice design patterns},
  journal      = {http://blog.arungupta.me/microservice-design-patterns/},
  journaltitle = {http://blog.arungupta.me/microservice-design-patterns/},
  year         = {2015},
  date         = {2015-04-10},
}

@Article{Smith2019,
  author  = {Ben Smith},
  title   = {Microservice integration patterns},
  journal = {https://10consulting.com/2019/04/12/microservice-integration-patterns/},
  year    = {2019},
  date    = {2019-04-12},
}

@Article{Scott2018,
  author  = {Patrick Lee Scott},
  title   = {Learning these 5 microservice patterns will make you a better engineer},
  journal = {https://hackernoon.com/learning-these-5-microservice-patterns-will-make-you-a-better-engineer-52fc779c470a},
  year    = {2018},
  date    = {2018-01-11},
}

@Article{Kong2018,
  author  = {Kong},
  title   = {Pattern: Database per service},
  journal = {https://microservices.io/patterns/data/database-per-service.html},
  year    = {2018},
}

@Article{Behara2018,
  author  = {Samir Behara},
  title   = {Breking the monolithic database inyour microservices architecture},
  journal = {https://dzone.com/articles/breaking-the-monolithic-database-in-your-microserv},
  year    = {2018},
  date    = {2018-09-12},
}

@Article{Aradhye2018a,
  author  = {Yogi Aradhye},
  title   = {Principles for microservices integration},
  journal = {https://dzone.com/articles/principles-for-microservices-integration},
  year    = {2018},
  date    = {2018-08-24},
}

@Article{Davison2016,
  author  = {Mikey Davison},
  title   = {Data integration design patterns with microservices},
  journal = {https://blogs.technet.microsoft.com/cansql/2016/12/05/data-integration-design-patterns-with-microservices/},
  year    = {2016},
  date    = {2016-12-05},
}

@Article{Wollert2016,
  author  = {Fabian Wollert},
  title   = {Data integration in the world of microservices},
  journal = {https://www.slideshare.net/FabianWollert/data-integration-in-a-microservices-world},
  year    = {2016},
  date    = {2016-05-18},
}

@Article{Krivtsov2019,
  author  = {Roman Krivtsov},
  title   = {Is a Shared Database in Microservices Actually an Anti-pattern?},
  journal = {https://hackernoon.com/is-shared-database-in-microservices-actually-anti-pattern-8cc2536adfe4},
  year    = {2019},
  date    = {2019-02-21},
}

@Article{Kumar2018,
  author  = {Roshan Kumar},
  title   = {Selecting the Right Database for Your Microservices},
  journal = {https://thenewstack.io/selecting-the-right-database-for-your-microservices/},
  year    = {2018},
  date    = {2018-09-13},
}

@Article{Monson2019,
  author  = {Dallas Monson},
  title   = {Microservices Anti-Patterns},
  journal = {https://keyholesoftware.com/2019/03/18/microservices-anti-patterns/},
  year    = {2019},
  date    = {2019-03-18},
}

@Article{Richardson2019,
  author  = {Chris Richardson},
  title   = {Microservices adoption anti-patterns: microservices are a magic pixie dust},
  journal = {http://chrisrichardson.net/post/antipatterns/2019/01/07/microservices-are-a-magic-pixie-dust.html},
  year    = {2019},
}

@Article{Solance2018,
  author  = {Solance},
  title   = {Communication Between Microservices: Why You Need Messaging},
  journal = {https://solace.com/blog/messaging-between-microservices/},
  year    = {2018},
}

@Article{Alley2018,
  author  = {Garrett Alley},
  title   = {What is ETL?},
  journal = {https://www.alooma.com/blog/what-is-etl},
  year    = {2018},
}

@Article{Loshin2019,
  author  = {David Loshin},
  title   = {What is ETL?},
  journal = {SAS},
  year    = {2019},
  url     = {https://www.sas.com/en_us/insights/data-management/what-is-etl.html},
}

@Article{Guru2019,
  author  = {Guru},
  title   = {ETL (Extract, Transform, and Load) Process},
  journal = {https://www.guru99.com/etl-extract-load-process.html},
  year    = {2019},
}

@Article{Stich2019,
  author  = {Stich},
  title   = {ETL Database},
  journal = {https://www.stitchdata.com/etldatabase/etl-process/},
  year    = {2019},
}

@Article{Naveen2016,
  author  = {By Naveen},
  title   = {What is ETL? An introduction},
  journal = {https://intellipaat.com/blog/tutorial/data-warehouse-tutorial/what-is-etl/},
  year    = {2016},
}

@Article{Shapira2017,
  author  = {Gwen Shapira},
  title   = {The Future of ETL Isnâ€™t What It Used To Be},
  journal = {https://www.confluent.io/blog/the-future-of-etl-isnt-what-it-used-to-be/},
  year    = {2017},
}

@Article{Panolapy2019,
  author  = {Panolapy},
  title   = {3 Ways to Build An ETL Process},
  journal = {https://panoply.io/data-warehouse-guide/3-ways-to-build-an-etl-process/},
  year    = {2019},
}

@Article{Roy2018,
  author  = {Chandan Roy},
  title   = {RESTful API design : Microservices},
  journal = {https://medium.com/@cknextmove/restful-api-design-microservices-f983e3ea3563},
  year    = {2018},
}

@Article{Mulesoft2019a,
  author  = {Mulesoft},
  title   = {What is a REST API?},
  journal = {https://www.mulesoft.com/resources/api/what-is-rest-api-design},
  year    = {2019},
}

@Article{Deering2012,
  author  = {Sam Deering},
  title   = {Do you know what a REST API is?},
  journal = {https://www.sitepoint.com/developers-rest-api/},
  year    = {2012},
}

@Article{Rouse2019,
  author  = {Margaret Rouse},
  title   = {REST (REpresentational State Transfer)},
  journal = {https://searchmicroservices.techtarget.com/definition/REST-representational-state-transfer},
  year    = {2019},
}

@Article{Avraham2017,
  author  = {Shif Ben Avraham},
  title   = {What is REST â€” A Simple Explanation for Beginners, Part 1: Introduction},
  journal = {https://medium.com/extend/what-is-rest-a-simple-explanation-for-beginners-part-1-introduction-b4a072f8740f},
  year    = {2017},
}

@Article{Restlet2019,
  author  = {Restlet},
  title   = {Microservices How to Build Microservices with REST APIs?},
  journal = {https://restlet.com/use-cases/api-first/microservices/},
  year    = {2019},
}

@Article{Smith2016,
  author  = {Jason Smith},
  title   = {An argument against REST in microservices},
  journal = {https://blog.container-solutions.com/argument-rest-microservices},
  year    = {2016},
}

@Article{stSoftware2019,
  author  = {stSoftware},
  title   = {How to define a RESTful Web Services?},
  journal = {https://www.stsoftware.com.au/site/ST/blog/article/rest-define/},
  year    = {2019},
}

@Comment{jabref-meta: databaseType:biblatex;}
